<?xml version="1.0" encoding="UTF-8"?><collection xmlns="http://www.loc.gov/MARC21/slim"><record><leader>00775nam--2200169-u-4500</leader><controlfield tag="001">000054377</controlfield><controlfield tag="002">20161230</controlfield><controlfield tag="005">20161230201051</controlfield><controlfield tag="008">111205s1000------------r-----000-0-eng-d</controlfield><datafield ind1=" " ind2=" " tag="040"><subfield code="a">IFIN-HH</subfield></datafield><datafield ind1=" " ind2=" " tag="080"><subfield code="a">539.12.162.8(075.9)</subfield></datafield><datafield ind1="1" ind2=" " tag="110"><subfield code="a">Joint Institute For Nuclear Research - Dubna</subfield></datafield><datafield ind1="1" ind2="0" tag="245"><subfield code="a">Mejdunarodnaia teoreticeskaia skola po fizike visokih energii dlia eksperimentatorov popradske pleso, visokie tatri, cehoslovakia (8-24 oktiabria 1967)</subfield><subfield code="b">Internqational theoretical school on high energy physics for experimentalists, porpadske pleso, high tatra mountains, czechoslovakia (8-24 oktober 1976)</subfield></datafield><datafield ind1=" " ind2=" " tag="260"><subfield code="a">Porpradske Pleso</subfield><subfield code="b">Czechoslovak Society Of Mathematicians And Physicists</subfield><subfield code="c">1967</subfield></datafield><datafield ind1=" " ind2=" " tag="300"><subfield code="a">700P</subfield></datafield><datafield ind1=" " ind2=" " tag="852"><subfield code="a">45914</subfield><subfield code="c">539.12</subfield></datafield><datafield ind1=" " ind2=" " tag="CAT"><subfield code="a">Sys</subfield><subfield code="c">20111205</subfield><subfield code="h">133439</subfield></datafield></record></collection>